% Encoding: UTF-8

@Book{manning2008introduction,
  title     = {Introduction to Information Retrieval},
  publisher = {Cambridge: Cambridge University Press},
  year      = {2008},
  author    = {Manning, Christopher D. and Raghavan, Prabhakar and Sch{\"u}tze, Hinrich and others},
}

@Article{jost2006end,
  author    = {Jost, John},
  title     = {The End of the End of Ideology.},
  journal   = {American Psychologist},
  year      = {2006},
  volume    = {61},
  number    = {7},
  pages     = {651--670},
  publisher = {American Psychological Association},
}

@Article{graham2013moral,
  author        = {Graham, Jesse and Haidt, Jonathan and Koleva, Sena and Motyl, Matt and Iyer, Ravi and Wojcik, S. and Ditto, Peter},
  title         = {Moral Foundations Theory: The pragmatic Validity of Moral Pluralism},
  journal       = {Advances in Experimental Social Psychology},
  year          = {2013},
  volume        = {47},
  pages         = {55--130},
}

@Book{haidt2012righteous,
  title      = {The Righteous Mind: Why Good People are Divided by Politics and Religion},
  publisher  = {New York: Random House},
  year       = {2012},
  author     = {Haidt, Jonathan},
}

@Article{mcdonald1980uses,
  author        = {McDonald, John F. and Moffitt, Robert A.},
  title         = {The Uses of Tobit Analysis},
  journal       = {The Review of Economics and Statistics},
  year          = {1980},
  volume        = {62},
  number        = {2},
  pages         = {318--321},
  publisher     = {JSTOR},
}

@Article{clifford2014linking,
  author        = {Clifford, Scott},
  title         = {Linking Issue Stances and Trait Inferences: A Theory of Moral Exemplification},
  journal       = {Journal of Politics},
  year          = {2014},
  volume        = {76},
  number        = {3},
  pages         = {698--710},
}

@Article{clifford2015concerns,
  author     = {Clifford, Scott and Jerit, Jennifer and Rainey, Carlisle and Motyl, Matt},
  title      = {Moral Concerns and Policy Attitudes: Investigating the Influence of Elite Rhetoric},
  journal    = {Political Communication},
  year       = {2015},
  volume     = {32},
  number     = {2},
  pages      = {229--248},
  publisher  = {Taylor \& Francis},
}

@Article{graham2009liberals,
  author        = {Graham, Jesse and Haidt, Jonathan and Nosek, Brian},
  title         = {Liberals and Conservatives Rely on Different Sets of Moral Foundations.},
  journal       = {Journal of Personality and Social Psychology},
  year          = {2009},
  volume        = {96},
  number        = {5},
  pages         = {1029--1046},
  publisher     = {American Psychological Association},
}


@Article{feinberg2013moral,
  author        = {Feinberg, Matthew and Willer, Robb},
  title         = {The moral roots of environmental attitudes},
  journal       = {Psychological Science},
  year          = {2013},
  volume        = {24},
  number        = {1},
  pages         = {56--62},
  publisher     = {Sage Publications},
}

@Article{kertzer2014moral,
  author    = {Kertzer, Joshua and Powers, Kathleen and Rathbun, Brian and Iyer, Ravi},
  title     = {Moral Support: How Moral Values Shape Foreign Policy Attitudes},
  journal   = {Journal of Politics},
  year      = {2014},
  volume    = {76},
  number    = {3},
  pages     = {825--840},
  publisher = {Cambridge Univ Press},
}

@Article{iyer2010beyond,
  author        = {Iyer, Ravi and Graham, Jesse and Koleva, Spassena and Ditto, Peter and Haidt, Jonathan},
  title         = {Beyond Identity Politics: Moral Psychology and the 2008 Democratic Primary},
  journal       = {Analyses of Social Issues and Public Policy},
  year          = {2010},
  volume        = {10},
  number        = {1},
  pages         = {293--306},
  publisher     = {Wiley Online Library},
}

@Article{graham2011mapping,
  author        = {Graham, Jesse and Nosek, Brian and Haidt, Jonathan and Iyer, Ravi and Koleva, Spassena and Ditto, Peter},
  title         = {Mapping the Moral Domain.},
  journal       = {Journal of Personality and Social Psychology},
  year          = {2011},
  volume        = {101},
  number        = {2},
  pages         = {366--385},
  publisher     = {American Psychological Association},
}

@Article{lipsitz2017playing,
  author    = {Lipsitz, Keena},
  title     = {Playing with Emotions: The Effect of Moral Appeals in Elite Rhetoric},
  journal   = {Political Behavior},
  year      = {2017},
  volume    = {forthcoming},
  pages     = {1--22},
  doi       = {doi:10.1007/s11109-017-9394-8},
  groups    = {MFT applications},
  owner     = {patrick},
  publisher = {Springer},
  timestamp = {2017.07.28},
}

@Comment{jabref-meta: databaseType:bibtex;}
